%YAML 1.1
%TAG !u! tag:unity3d.com,2011:
--- !u!1 &9105288604970725018
GameObject:
  m_ObjectHideFlags: 0
  m_CorrespondingSourceObject: {fileID: 0}
  m_PrefabInstance: {fileID: 0}
  m_PrefabAsset: {fileID: 0}
  serializedVersion: 6
  m_Component:
  - component: {fileID: 5407631206603207726}
  - component: {fileID: 7240294133652948684}
  - component: {fileID: 8375338126103589067}
  - component: {fileID: 680849914116945511}
  m_Layer: 0
  m_Name: Sphere
  m_TagString: Untagged
  m_Icon: {fileID: 0}
  m_NavMeshLayer: 0
  m_StaticEditorFlags: 0
  m_IsActive: 1
--- !u!4 &5407631206603207726
Transform:
  m_ObjectHideFlags: 0
  m_CorrespondingSourceObject: {fileID: 0}
  m_PrefabInstance: {fileID: 0}
  m_PrefabAsset: {fileID: 0}
  m_GameObject: {fileID: 9105288604970725018}
  serializedVersion: 2
  m_LocalRotation: {x: -0, y: -0, z: -0, w: 1}
  m_LocalPosition: {x: 0.54184806, y: 0, z: -0.63}
  m_LocalScale: {x: 9.742187, y: 3.1822336, z: 1.444336}
  m_ConstrainProportionsScale: 0
  m_Children: []
  m_Father: {fileID: 7411112902784512703}
  m_LocalEulerAnglesHint: {x: 0, y: 0, z: 0}
--- !u!33 &7240294133652948684
MeshFilter:
  m_ObjectHideFlags: 0
  m_CorrespondingSourceObject: {fileID: 0}
  m_PrefabInstance: {fileID: 0}
  m_PrefabAsset: {fileID: 0}
  m_GameObject: {fileID: 9105288604970725018}
  m_Mesh: {fileID: 10207, guid: 0000000000000000e000000000000000, type: 0}
--- !u!23 &8375338126103589067
MeshRenderer:
  m_ObjectHideFlags: 0
  m_CorrespondingSourceObject: {fileID: 0}
  m_PrefabInstance: {fileID: 0}
  m_PrefabAsset: {fileID: 0}
  m_GameObject: {fileID: 9105288604970725018}
  m_Enabled: 1
  m_CastShadows: 1
  m_ReceiveShadows: 1
  m_DynamicOccludee: 1
  m_StaticShadowCaster: 0
  m_MotionVectors: 1
  m_LightProbeUsage: 1
  m_ReflectionProbeUsage: 1
  m_RayTracingMode: 2
  m_RayTraceProcedural: 0
  m_RenderingLayerMask: 1
  m_RendererPriority: 0
  m_Materials:
  - {fileID: 2100000, guid: 28d889b1c4d0c744289adecfa90ca7f9, type: 2}
  m_StaticBatchInfo:
    firstSubMesh: 0
    subMeshCount: 0
  m_StaticBatchRoot: {fileID: 0}
  m_ProbeAnchor: {fileID: 0}
  m_LightProbeVolumeOverride: {fileID: 0}
  m_ScaleInLightmap: 1
  m_ReceiveGI: 1
  m_PreserveUVs: 0
  m_IgnoreNormalsForChartDetection: 0
  m_ImportantGI: 0
  m_StitchLightmapSeams: 1
  m_SelectedEditorRenderState: 3
  m_MinimumChartSize: 4
  m_AutoUVMaxDistance: 0.5
  m_AutoUVMaxAngle: 89
  m_LightmapParameters: {fileID: 0}
  m_SortingLayerID: 0
  m_SortingLayer: 0
  m_SortingOrder: 0
  m_AdditionalVertexStreams: {fileID: 0}
--- !u!135 &680849914116945511
SphereCollider:
  m_ObjectHideFlags: 0
  m_CorrespondingSourceObject: {fileID: 0}
  m_PrefabInstance: {fileID: 0}
  m_PrefabAsset: {fileID: 0}
  m_GameObject: {fileID: 9105288604970725018}
  m_Material: {fileID: 0}
  m_IncludeLayers:
    serializedVersion: 2
    m_Bits: 0
  m_ExcludeLayers:
    serializedVersion: 2
    m_Bits: 0
  m_LayerOverridePriority: 0
  m_IsTrigger: 0
  m_ProvidesContacts: 0
  m_Enabled: 1
  serializedVersion: 3
  m_Radius: 0.5
  m_Center: {x: 0, y: 0, z: 0}
--- !u!1001 &4744421368941256411
PrefabInstance:
  m_ObjectHideFlags: 0
  serializedVersion: 2
  m_Modification:
    serializedVersion: 3
    m_TransformParent: {fileID: 0}
    m_Modifications:
    - target: {fileID: 2814219743451212900, guid: e3ce28998cbb884459a2ecf43cdb5e8b,
        type: 3}
      propertyPath: m_LocalPosition.x
      value: 0
      objectReference: {fileID: 0}
    - target: {fileID: 2814219743451212900, guid: e3ce28998cbb884459a2ecf43cdb5e8b,
        type: 3}
      propertyPath: m_LocalPosition.y
      value: 0
      objectReference: {fileID: 0}
    - target: {fileID: 2814219743451212900, guid: e3ce28998cbb884459a2ecf43cdb5e8b,
        type: 3}
      propertyPath: m_LocalPosition.z
      value: 0
      objectReference: {fileID: 0}
    - target: {fileID: 2814219743451212900, guid: e3ce28998cbb884459a2ecf43cdb5e8b,
        type: 3}
      propertyPath: m_LocalRotation.w
      value: 1
      objectReference: {fileID: 0}
    - target: {fileID: 2814219743451212900, guid: e3ce28998cbb884459a2ecf43cdb5e8b,
        type: 3}
      propertyPath: m_LocalRotation.x
      value: 0
      objectReference: {fileID: 0}
    - target: {fileID: 2814219743451212900, guid: e3ce28998cbb884459a2ecf43cdb5e8b,
        type: 3}
      propertyPath: m_LocalRotation.y
      value: 0
      objectReference: {fileID: 0}
    - target: {fileID: 2814219743451212900, guid: e3ce28998cbb884459a2ecf43cdb5e8b,
        type: 3}
      propertyPath: m_LocalRotation.z
      value: 0
      objectReference: {fileID: 0}
    - target: {fileID: 2814219743451212900, guid: e3ce28998cbb884459a2ecf43cdb5e8b,
        type: 3}
      propertyPath: m_LocalEulerAnglesHint.x
      value: 0
      objectReference: {fileID: 0}
    - target: {fileID: 2814219743451212900, guid: e3ce28998cbb884459a2ecf43cdb5e8b,
        type: 3}
      propertyPath: m_LocalEulerAnglesHint.y
      value: 0
      objectReference: {fileID: 0}
    - target: {fileID: 2814219743451212900, guid: e3ce28998cbb884459a2ecf43cdb5e8b,
        type: 3}
      propertyPath: m_LocalEulerAnglesHint.z
      value: 0
      objectReference: {fileID: 0}
    - target: {fileID: 7008822884742502859, guid: e3ce28998cbb884459a2ecf43cdb5e8b,
        type: 3}
      propertyPath: m_Materials.Array.data[0]
      value: 
      objectReference: {fileID: 2100000, guid: 95d8ecae582146833a11e398f4d95c1d, type: 2}
    - target: {fileID: 7684880512026784236, guid: e3ce28998cbb884459a2ecf43cdb5e8b,
        type: 3}
      propertyPath: m_Name
      value: Spoon
      objectReference: {fileID: 0}
    m_RemovedComponents: []
    m_RemovedGameObjects: []
    m_AddedGameObjects:
    - targetCorrespondingSourceObject: {fileID: 2814219743451212900, guid: e3ce28998cbb884459a2ecf43cdb5e8b,
        type: 3}
      insertIndex: -1
      addedObject: {fileID: 5407631206603207726}
    m_AddedComponents:
    - targetCorrespondingSourceObject: {fileID: 7684880512026784236, guid: e3ce28998cbb884459a2ecf43cdb5e8b,
        type: 3}
      insertIndex: -1
      addedObject: {fileID: 1169851745848900608}
  m_SourcePrefab: {fileID: 100100000, guid: e3ce28998cbb884459a2ecf43cdb5e8b, type: 3}
--- !u!1 &3130489946132557623 stripped
GameObject:
  m_CorrespondingSourceObject: {fileID: 7684880512026784236, guid: e3ce28998cbb884459a2ecf43cdb5e8b,
    type: 3}
  m_PrefabInstance: {fileID: 4744421368941256411}
  m_PrefabAsset: {fileID: 0}
--- !u!114 &1169851745848900608
MonoBehaviour:
  m_ObjectHideFlags: 0
  m_CorrespondingSourceObject: {fileID: 0}
  m_PrefabInstance: {fileID: 0}
  m_PrefabAsset: {fileID: 0}
  m_GameObject: {fileID: 3130489946132557623}
  m_Enabled: 1
  m_EditorHideFlags: 0
  m_Script: {fileID: 11500000, guid: 8f5c6c6cf2e9368428118cf34124cf74, type: 3}
  m_Name: 
  m_EditorClassIdentifier: 
  powerUp: 2
--- !u!4 &7411112902784512703 stripped
Transform:
  m_CorrespondingSourceObject: {fileID: 2814219743451212900, guid: e3ce28998cbb884459a2ecf43cdb5e8b,
    type: 3}
  m_PrefabInstance: {fileID: 4744421368941256411}
  m_PrefabAsset: {fileID: 0}
